@Misc{pandas,
  title        = "Pandas",
  howpublished = "\url{https://pandas.pydata.org/}",
  note         = "Python Data Analysis Library",
  key          = "pandas"
}
